%% Created for Donkyu Baek at 2015-06-26 17:48:14 +0900 

%%%%%%%%%%%%%%%%%%%%%%%%%%%%%%%%%%
%%Our previous works
%%%%%%%%%%%%%%%%%%%%%%%%%%%%%%%%%%
@inproceedings{Hong:ASPDAC16,
	Author = {Joonki Hong and Sangjun Park and Naehyuck Chang},
	Booktitle = {Proceedings of Asia and South Pacific Design Automation and Conference (ASP-DAC)},
	Title = {Accurate Remaining Range Estimation for Electric Vehicles},
	Year = {2016}}

@inproceedings{Baek:ASPDAC16,
	Author = {Donkyu Baek and Joonki Hong and Naehyuck Chang},
	Booktitle = {Proceedings of Asia and South Pacific Design Automation and Conference (ASP-DAC)},
	Title = {Minimum-energy driving speed profiles for low-speed electric vehicles},
	Year = {2016}}

@inproceedings{Chang:ICCAD14,
	Author = {Naehyuck Chang and Donkyu Baek and Jeongmin Hong},
	Booktitle = {Proceedings of IEEE/ACM International Conference on Computer-Aided Design (ICCAD)},
	Title = {Power Consumption Characterization, Modeling and Estimation of Electric Vehicles},
	Year = {2014}}

@inproceedings{Lin:ICCAD14,
	Author = {Xue Lin and Yanzhi Wang and Paul Bogdan and Naehyuck Chang and Massoud Pedram},
	Booktitle = {Proceedings of IEEE/ACM International Conference on Computer-Aided Design (ICCAD)},
	Title = {Reinforcement learning based power management for hybrid electric vehicles},
	Year = {2014}}

%%%%%%%%%%%%%%%%%%%%%%%%%%%%%%%%%%
%%Related works: G1. ICEV
%%%%%%%%%%%%%%%%%%%%%%%%%%%%%%%%%%
@article{Kamal:TITS11,
	Author = {M. A. S. Kamal and Masakazu Mukai and Junichi Murata and Taketoshi Kawabe},
	Journal = {IEEE Transactions on Intelligent Transportation Systems, vol. 12, no. 3, Sept.},
	Title = {Ecological Vehicle Control on Roads With Up-Down Slopes},
	Year = {2011}}

@article{Ozatay:TITS14,
	Author = {E. Ozatay and S. Onori and J. Wollaeger and U. Ozguner and G. Rizzoni and
		D. Filev and J. Michelini and S. Cairano},
	Journal = {IEEE Transactions on Intelligent Transportation Systems, vol. 15, no. 6},
	Title = {Cloud-based velocity profile optimization for everyday driving: 
		a dynamic-programming-based solution},
	Year = {2014}}

%%%%%%%%%%%%%%%%%%%%%%%%%%%%%%%%%%
%%Related works: G2. OPT with DP
%%%%%%%%%%%%%%%%%%%%%%%%%%%%%%%%%%
@inproceedings{Lin:ICCA14,
	Author = {X. Lin and D. Gorges and S. Liu},
	Booktitle = {Proceedings of IEEE Conference on Control Applications},
	Title = {Eco-Driving Assistance System for Electric Vehicles based on Speed Profile Optimization},
	Year = {2014}}

@inproceedings{Dib:IVPPC11,
	Author = {Wissam Dib and Lorenzo Serrao and Antonio Sciarretta},
	Booktitle = {Proceedings of IEEE Vehicle Power and Propulsion Conference},
	Title = {Optimal control to minimize trip time and energy consumption in electric vehicles},
	Year = {2011}}

@article{Hellstrom:CEP09,
	Author = {Erik Hellstrom and Maria Ivarsson and Jan Aslund and Lars Nielsen},
	Journal = {Control Engineering Practice, vol. 17, no. 2},
	Title = {Look-ahead control for heavy trucks to minimize trip time and fuel consumption},
	Year = {2009}}

%%%%%%%%%%%%%%%%%%%%%%%%%%%%%%%%%%
%%Related works: G3. OPT for 
%%%%%%%%%%%%%%%%%%%%%%%%%%%%%%%%%%
@inproceedings{Yan:NAPS14, 
	Author = {Q. Yan and B. Zhang and M. Kezunovic}, 
	Booktitle = {North American Power Symposium (NAPS)}, 
	Title = {Optimization of electric vehicle movement for efficient energy consumption}, 
	Year={2014}}

@article{Dib:CEP14,
	Author = {Wissam Dib and Alexandre Chasse and Philippe Moulin and Antonio Sciarretta 
		and Gilles Corde},
	Journal = {Control Engineering Practice},
	Title = {Optimal energy management for an electric vehicle in eco-driving applications},
	Year = {2014}}

%%Related works: G4.(out of scopes)
@article{Wu:TR15,
	Author = {Xinkai Wu and David Freese and Alfredo Cabrera and William A. Kitch},
	Journal = {Transportation Research Part D: Transport and Environment, vol. 34},
	Title = {Electric vehiclesâ€™ energy consumption measurement and estimation},
	Year = {2015}}
@article{Wu:ITS15,
	Author = {Xinkai Wu and Xiaozheng He and Guizhen Yu},
	Journal = {Transactions on Intelligent Transportation Systems, vol. 16, no. 5},
	Title = {Energy-Optimal Speed Control for Electric Vehicles on Signalized Arterials},
	Year = {2015}}

%%%%%%%%%%%%%%%%%%%%%%%%%%%%%%%%%%
%%Related EDA works
%%%%%%%%%%%%%%%%%%%%%%%%%%%%%%%%%%
@inproceedings{Vatanparvar:DAC15,
	Author = {Korosh Vatanparvar and Mohammad Abdullah Al Faruque},
	Booktitle = {Proceedings of IEEE/ACM Design Automation Conference (DAC)},
	Title = {Battery lifetime-aware automotive climate control for Electric Vehicles},
	Year = {2015}}

@inproceedings{Steinhorst:ASPDAC16,
	Author = {Sebastian Steinhorst and Zili Shao and Samarjit Chakraborty and Matthias Kauer and Shuai Li and Martin Lukasiewycz and Swaminathan Narayanaswamy and Muhammad Usman Rafique and and Qixin Wang},
	Booktitle = {Proceedings of Asia and South Pacific Design Automation and Conference (ASP-DAC)},
	Title = {Distributed reconfigurable Battery System Management Architectures},
	Year = {2016}}

@inproceedings{Zhao:ICCAD15,
	Author = {Hengyang Zhao and Daniel Quach and Shujuan Wang and Haibao Chen and Xin Li and Sheldon Tan},
	Booktitle = {Proceedings of International Conference on Computer-Aided Design (ICCAD)},
	Title = {Learning Based Compact Thermal Modeling for Energy-Efficient Smart Building Management},
	Year = {2015}}

@article{Shin:TCAD15,
	Author = {Donghwa Shin and Massimo Poncino and Enrico Macii and Naehyuck Chang},
	Journal = {Transactions on Computer-Aided Design of Integrated Circuits and Systems (TCAD)},
	Title = {A Statistical Model-Based Cell-to-Cell Variability Management of Li-ion Battery Pack},
	Year = {2015}}

@article{Wu:TCAD13,
	Author = {Jie Wu and Jia Wang and Kun Li and Hai Zhou and Qin Lv and Li Shang and Yihe Sun},
	Journal = {Transactions on Computer-Aided Design of Integrated Circuits and Systems (TCAD)},
	Title = {Large-Scale Energy Storage System Design and Optimization for Emerging Electric-Drive Vehicles},
	Year = {2013}}

@article{Xie:TCAD16,
	Author = {Qing Xie and Donghwa Shin and Naehyuck Chang and Massoud Pedram},
	Journal = {Transactions on Computer-Aided Design of Integrated Circuits and Systems (TCAD)},
	Title = {Joint Charge and Thermal Management for Batteries in Portable Systems With Hybrid Power Sources},
	Year = {2016}}

@article{Narayanaswamy:TVLSI17,
	Author = {Swaminathan Narayanaswamy and Matthias Kauer and Sebastian Steinhorst and Martin Lukasiewycz and Samarjit Chakraborty},
	Journal = {Transactions on Very Large Scale Integration (VLSI) Systems},
	Title = {Modular Active Charge Balancing for Scalable Battery Packs},
	Year = {2017}}


%%%%%%%%%%%%%%%%%%%%%%%%%%%%%%%%%%
%%Books
%%%%%%%%%%%%%%%%%%%%%%%%%%%%%%%%%%
@phdthesis{Seraens:thesis12,
	Author = {Bart Saerens},
	School = {Katholieke Universities Leuven},
	Title = {Optimal control based eco-driving},
	Year = {2012}}

@book{Lechner:Springer99,
	Author = {G. Lechner and H. Naunheimer},
	Publisher = {Spinger},
	Title = {Automotive transmissions: Fundamentals, Selection, Design and Application},
	Year = {1999}}

%%%%%%%%%%%%%%%%%%%%%%%%%%%%%%%%%%
%%Introduction
%%%%%%%%%%%%%%%%%%%%%%%%%%%%%%%%%%
@article{Hagman:RTBM16,
	Author = {Jens Hagman and Sofia Ritzen and Jenny Janhager Stier and Yusak Susilo},
	Journal = {Research in Transportation Business and Management},
	Title = {Total cost of ownership and its potential implications for battery electric vehicle diffusion},
	Year = {2016}}

@article{Wu:EP15,
	Author = {Geng Wu and Alessandro Inderbitzin and Catharina Bening},
	Journal = {Energy Policy},
	Title = {Total cost of ownership of electric vehicles compared to conventional vehicles: A probabilistic analysis and projection across market segments},
	Year = {2015}}

@misc{AFDC,
	Howpublished = {Emissions from Hybrid and Plug-In Electric Vehicles, \url{https://www.afdc.energy.gov/vehicles/electric_emissions.php}}}

@article{Campanari:JPS09,
	Author = {Stefano Campanari and Giampaolo Manzolini and Fernando Garcia de la Iglesia},
	Journal = {Journal of Power Sources},
	Title = {Energy analysis of electric vehicles using batteries or fuel cells through well-to-wheel driving cycle simulations},
	Year = {2009}}

@article{Khaligh:TVT12,
	Author = {Alireza Khaligh and Serkan Dusmez},
	Journal = {Transactions on Vehicular Technology},
	Title = {Comprehensive Topological Analysis of Conductive and Inductive Charging Solutions for Plug-In Electric Vehicles},
	Year = {2012}}

@misc{FHWA,
	Howpublished = {Federal Highway Administration (FHWA), \url{https://www.fhwa.dot.gov/policyinformation/}}}

@misc{EIA,
	Howpublished = {US Energy Information Administration (EIA), \url{https://www.eia.gov/electricity/}}}

%%%%%%%%%%%%%%%%%%%%%%%%%%%%%%%%%%
%%Demand for a higher energy efficiency
%%%%%%%%%%%%%%%%%%%%%%%%%%%%%%%%%%

@techreport{Burress:OAK_RIDGE16,
	Author = {Tim Burress},
	Institution = {Oak Ridge National Laboratory}	
	Title = {Benchmarking EV and HEV Technologies},
	Year = {2016}}

@ misc{NC_STATE_UNIV,
	Howpublished = {New Tech Promises to Boost Electric Vehicle Efficiency, Range, \url{https://news.ncsu.edu/2016/09/inverters-boost-ev-range-2016/}}}

@ misc{Repair_cost,
	Howpublished = {Tesla Model S Aluminum Body: Why Repair Costs Are Higher, \url{http://www.greencarreports.com}}}	

%%%%%%%%%%%%%%%%%%%%%%%%%%%%%%%%%%
%%Cross-layer power optimization of Cyberphysical system
%%%%%%%%%%%%%%%%%%%%%%%%%%%%%%%%%%
@article{Xie:TCAD13,
	Author = {Qing Xie and Yanzhi Wang and Younghyun Kim and Massoud Pedram and Naehyuck Chang},
	Journal = {Transactions on Computer-Aided Design of Integrated Circuits and Systems},
	Title = {Charge Allocation in Hybrid Electrical Energy Storage Systems},
	Year = {2013}}

@article{Kim:JPS14,
	Author = {Younghyun Kim and Jason Koh and Qing Xie and Yanzhi Wang and Naehyuck Chang and Massoud Pedram},
	Journal = {Journal of Power Sources},
	Title = {A scalable and flexible hybrid energy storage system design and implementation},
	Year = {2014}}

%%%%%%%%%%%%%%%%%%%%%%%%%%%%%%%%%%
%%Cross-layer power optimization of EV
%%%%%%%%%%%%%%%%%%%%%%%%%%%%%%%%%%
@article{Ribau:AE14,
	Author = {Joao P. Ribau and Carla M. Silva and Joao M.C. Sousa},
	Journal = {Applied Energy},
	Title = {Efficiency, cost and life cycle CO2 optimization of fuel cell hybrid and plug-in hybrid urban buses},
	Year = {2014}}

@ misc{motor_eff,
	Howpublished = {Government of Canada Publications, \url{http://publications.gc.ca}},
	title = {Premium-efficiency motors},
	year = {2004}}	

@article{Markel:JPS02,
	Author = {T. Markel and A. Brooker and T. Hendricks and V. Johnson and K. Kelly},
	Journal = {Journal of Power Sources},
	Title = {ADVISOR: a systems analysis tool for advanced vehicle modeling},
	Year = {2002}}

@ misc{Ford_BnC,
	Howpublished = {Build and price of 2018 Ford F-150, \url{https://shop.ford.com/build/f150/?gnav=vhpnav#/select/}},
	year = {2018}}	

@ misc{Tesla_BnC,
	Howpublished = {Order a Tesla Model S, \url{https://www.tesla.com/models/design?redirect=no}},
	year = {2018}}